@TechReport{listingCite,
	author = {Carsten Heinz and Brooks Moses},
	title  ={The Listings Package},
	year = {2007},
	institution = {CTAN TEX Archive},
	url=		{http://www.ctan.org/tex-archive/macros/latex/contrib/listings}
}

@TechReport{LatexNotSoShort,
	author = {Tobias Oetiker and Hubert Partl and Irene Hyna and Elisabeth Schlegl},
	title  ={The Not So Short Introduction to {L}A{T}EX},
	year = {2008},
	institution = {CTAN TEX Archive},
	url = {http://www.ctan.org/tex-archive/info/lshort/english}
}

@TechReport{LatexNotSoShortHU,
	author = {Tobias Oetiker and Hubert Partl and Irene Hyna and Elisabeth Schlegl},
	title  ={Egy Nem Túl Rövid
Bevezet{\H{O}} a  {L}a{T}ex Használatába},
	year = {1998},
	institution = {BME math Latex},
	url = {http://www.math.bme.hu/latex}
}

@Book{Doob95,
	author = {Michael Doob},
	title = {{T}e{X} könnyedén (A gentle introduction to {T}e{X})},
	year = {1995},
	publisher = {POLYGON},
	url = {http://www.inf.unideb.hu/~matex/konyvek/texkonyvek.html}
}

@Book{MittelbachEtAl04,
	author = {Frank Mittelbach and Michel Goossens and Johannes Braams and David Carlisle and Chris Rowley},
	title = {The Latex Companion},
	year = {2004},
	publisher = {Addison Wesley}
}


@Book{Mitchell97,
  annote    = {L11},
  author    = {Tom M. Mitchell},
  title     = {Machine Learning},
  series    = {Computer Science Series},
  publisher = {McGraw-Hill},
  address   = {New York},
  year      = {1997},
}
@Book{GilksRichSpieg96,
  author =       {Walter R. Gilks and Sylvia Richardson and David J. Spiegelhalter},
  title =        {Markov Chain Monte Carlo in Practice},
  publisher =    {Chapman and Hall},
  year =         {1996},
  address =      {London},
  note =         {486pp}
}
@Book{RasmussenWilliams06,
  author =       {Carl Edward Rasmussen and Christopher K. I. Williams},
  title =        {Gaussian Processes for Machine Learning},
  publisher =    MIT,
  year =         2006
}
@Book{Haykin99,
  author =       {Simon Haykin},
  title =        {Neural Networks -- a Comprehensive Foundation},
  publisher =    {Prentice Hall},
  year =         1999
}
@Book{Nabney02,
  author =	 {Ian T. Nabney},
  title = 	 {{NETLAB} - Algorithms for Pattern Recognition},
  publisher = 	 {Springer},
  year = 	 2002
}
@BOOK{Bishop06,
  AUTHOR =	 "Christopher M. Bishop",
  TITLE =	 "Pattern Recognition and Machine Learning",
  YEAR =	 2006,
  PUBLISHER =	 "Springer Verlag",
  ADDRESS =	 "New York, N.Y."
}
@Book{Bishop95,
  author = {Christopher M. Bishop},
  title = {Neural Networks for Pattern Recognition},
  year = {1995},
  address   = {Oxford},
  publisher = {Oxford University Press}
}

@BOOK{RussellNorvig95,
    AUTHOR = "Stuart J. Russell and Peter Norvig",
    TITLE = "Artificial Intelligence, A Modern Approach",
    PUBLISHER = "Prentice-Hall",
    YEAR = "1995",
    ADDRESS = "Englewood Cliffs, N.J"
}
@BOOK{Hebb49,
    AUTHOR = "Donald O. Hebb",
    TITLE = "The Organization of Behavior",
    PUBLISHER = "Wiley",
    YEAR = "1949"
}
@BOOK{Webb03,
    AUTHOR = "Andrew R. Webb",
    TITLE = "Statistical Pattern Recognition",
    PUBLISHER = "John Wiley",
    YEAR = "2003"
}
@Article{McCulloghPitts43,
	author = {McCullogh, W. S. and Pitts, W. H.},
	title = {A logical calculus of the ideas immanent in nervous activity},
	year  ={1943},
	journal = {Bulletin of Mathematical Biophysics},
	volume = 5,
	pages = {115--133}
}
@Article{Rosenblatt58,
	author = {Rosenblatt, F.},
	title = {The perceptron: a probabilistic model for information storage and organization in the brain},
	year  ={1958},
	journal = {Psychological Review},
	volume = 65,
	pages = {386--408}
}
@BOOK{MinskyPapert69,
    AUTHOR = "Marvin Minsky and Seymour Papert",
    TITLE = "Perceptrons (enlarged edition in 1988)",
    PUBLISHER = "The MIT Press",
    YEAR = "1969"
}
@Book{Recipes92,
  author       = {W. H. Press and B. P. Flannery and S. A. Teukolsky and
                  W. T. Vetterling},
  title        = {Numerical Recipes in {C}},
  publisher    = {Cambridge University Press},
  address      = {Cambridge},
  edition      = {Second},
  year         = 1992
}

@Book{DevGyoLug96,
  author =       {Luc Devroye and L{\'a}szl{\'o} Gy{\"o}rfi and G{\'a}bor Lugosi},
  title =        {A Probabilistic Theory of Pattern Recognition},
  publisher =    "Springer",
  year =         1996,
  address =      "New York"
}

@Book{McCullaghNelder89,
  author =       {P. McCullagh and J. A. Nelder},
  title =        {Generalized Linear Models},
  publisher =    {Chapman \& Hall},
  address =      {London},
  year =         1989
} 

@Book{CoverThomas91,
  author =       {Thomas M. Cover and Joy A. Thomas},
  title =        {Elements of Information Theory},
  publisher =    {John Wiley \& Sons},
  year =         {1991}
}

@Book{Jaynes03,
  author =       {E. T. Jaynes},
  title =        {Probability Theory: The Logic of Science},
  publisher =    {Cambridge University Press},
  year =         {2003},
  address =      {Cambridge}
}

@Book{Soos01,
  author =       {Anna Soós},
  title =        {A valószínûségszámítás elemei},
  publisher =    {Egyetemi Kiadó},
  year =         {2001},
  address =      {kolozsvár}
}

@Book{SmolaScholkopf02,
	author =	 {Alexander J. Smola and Bernhard Sch{\"o}lkopf},
	title =	 {Learning with Kernels},
	publisher =	 {MIT Press},
	year =	 2002
}
@Inproceedings{Weston99,
	author=		"J. Weston and C. Watkins",
	title=		"Support vector machines for multiclass pattern recognition",
	booktitle=	"Proceedings of the Seventh European Symposium On Artificial Neural Networks",
	year=		"1999",
	month=		"4",
	url=		"http://citeseer.ist.psu.edu/article/weston99support.html",
}
@Book{Boyd04,
  author ="S. P. Boyd and L. Vandenberghe",
  title =	"Convex Optimization",
  publisher =	"Cambridge University Press",
  address =	"Cambridge, UK",
  year = 	"2004",
  URL =  	"http://www.stanford.edu/~boyd/cvxbook.html",
}
@Misc{Lin03,
  title =	"A Study on Sigmoid Kernels for {SVM} and the Training of non-{PSD} Kernels by {SMO}-type Methods",
  author =	"Hsuan-tien Lin and Chih-jen Lin",
  year = 	"2003",
  URL =  	"http://citeseer.ist.psu.edu/584223.html",
}
@Article{BenHur01,
  author =	"Asa Ben-Hur and David Horn and Hava T. Siegelmann and
		 Vladimir Vapnik",
  title =	"Support Vector Clustering",
  journal =	"Journal of Machine Learning Research",
  volume =	"2",
  year = 	"2001",
  pages =	"125--137",
}
@Article{Furnkrantz02,
  author =	"Johannes F{{\"u}}rnkranz",
  title =	"Round Robin Classification",
  journal =	"Journal of Machine Learning Research",
  volume =	"2",
  year = 	"2002",
  pages =	"721--747",
}
@Misc{Berger99,
  title =	"Error-Correcting Output Coding for Text
		 Classification",
  author =	"Adam Berger",
  year = 	"1999",
  URL =  	"http://citeseer.ist.psu.edu/172289.html",
}
@Article{Diettrich95,
   author =	"T. G. Dietterich and G. Bakiri",
   title =	"Solving Multiclass Learning Problems via
 		 Error-Correcting Output Codes",
   journal =	"Journal of Artificial Intelligence Research",
   volume =	"2",
   year = 	"1995",
   pages =	"263--286",
}
@InProceedings{Platt99,
  title =	"Large Margin {DAG}s for Multiclass Classification",
  author =	"John C. Platt and Nello Cristianini and John Shawe-Taylor",
  publisher =	"The MIT Press",
  booktitle = {Neural Information Processing Systems},
  year = 	"1999",
  URL =  	"http://nips.djvuzone.org/djvu/nips12/0547.djvu"
}
@InProceedings{Crammer02,
  title =	"A new family of online algorithms for category ranking",
  author =	"Koby Crammer and Yoram Singer",
  booktitle = {The 25th Annual International ACM SIGIR Conference},
  publisher =	"ACM",
  year = 	"2002",
  URL =  	"http://doi.acm.org/10.1145/564376.564404"
}
@Misc{Hsu01,
  title =	"A Comparison of Methods for Multi-class Support Vector
		 Machines",
  author =	"Chih-wei Hsu and Chih-jen Lin",
  year = 	"2001",
  URL =  	"http://citeseer.ist.psu.edu/537288.html",
}
@InProceedings{Dhillon04,
  title =	"Kernel k-means: spectral clustering and normalized
		 cuts",
  author =	"Inderjit S. Dhillon and Yuqiang Guan and Brian Kulis",
  booktitle = {ACM SIGKDD -- Knowledge discovery and data mining},
  URL =  	"http://doi.acm.org/10.1145/1014052.1014118",
  year = 2004,
  pages = {551--556}
}
@TechReport{Vishwanathan02,
  title =	"Kernel Enabled {K}-Means Algorithm",
  author =	"S.V.N. Vishwanathan and Narasimha M. Murty",
  institution = {The Indian Institute of Science, Bangalore},
  year = 	"2002",
  URL =  	"http://eprints.iisc.ernet.in/archive/00000010",
}
@TechReport{Scholkopf96,
  author =	"Berhard Sch{\"{o}}lkopf and Alexander Smola and
		 Klaus-Robert M{{\"u}}ller",
  title =	"Nonlinear Component Analysis as a Kernel Eigenvalue
		 Problem",
  institution =  "Max-Planck Institut f{{\"u}}r biologische Kybernetik,
		 Arbeitsgruppe B{{\"u}}lthoff",
  year = 	"1996",
  number =	"44"
}
@TechReport{MatrixCookbook,
	author = {Kaare Brandt Petersen and Michael Syskind Pedersen},
	title  = {The Matrix Cookbook},
	institution = {Technical University of Denmark},
	year = 2007,
	url = {http://matrixcookbook.com/}
}
@InProceedings{Lewis95,
  author =	"David D. Lewis",
  year = 	"1995",
  address =	"New York, NY, USA",
  booktitle =	"SIGIR '95",
  pages =	"246--254",
  publisher =	"ACM Press",
  title =	"Evaluating and optimizing autonomous text
		 classification systems",
}
@Book{VanRijsbergen79,
  author =	"Cornelis J. Van Rijsbergen",
  year = 	"1979",
  publisher =	"Butterworths",
  title =	"Information Retrieval",
}
@Book{BerSm94,
  author = 	 {Jos{\'e} M. Bernardo and Adrian F.M. Smith},
  title = 	 {{B}ayesian Theory},
  publisher = 	 {John Wiley \& Sons},
  year = 	 1994
}
@Book{Freedetal05,
  author = 	 {David Freedman and Robert Pisani and Roger Purves},
  title = 	 {Statisztika},
  publisher = 	 {Typotex},
  address =  {Budapest},
  year = 	 2005
}
@InProceedings{vonMalsburg90,
	author = {Christoph {von der M}alsburg},
	title = {Network self-organization},
	editor = {Steven F. Zornetzer and Joel L. Davis and Clifford Lau},
	booktitle = {An Introduction to Neural and Electronic Networks},
	year = {1990},
	pages = {421--432},
	publisher = {Academic Press}
}
@BOOK{Kohonen89,
    AUTHOR = "Teuvo Kohonen",
    TITLE = "Self-Organization and Associative Memory",
    PUBLISHER = "Springer-Verlag",
    YEAR = "1989",
    ADDRESS = "New York"
}
@BOOK{Kohonen01,
    AUTHOR = "Teuvo Kohonen",
    TITLE = "Self-Organizing Maps",
    PUBLISHER = "Springer-Verlag",
    YEAR = "2001",
    EDITION = "Third",
    ADDRESS = "New York"
}
@BOOK{Arbib03,
    EDITOR = "Michael A. Arbib",
    TITLE = "The Handbook of Brain Theory and Neural Networks",
    PUBLISHER = "The MIT Press",
    YEAR = "2003",
    EDITION = "Second",
    ADDRESS = "Cambridge, Massachusetts"
}
@InCollection{YuilleGeiger03,
	author = {Alan L. Yuille and Davi Geiger},
	crossref = {Arbib03},
	title  = {Winner-Take-All Networks},
	pages = {1228--1231}
}
@BOOK{FrHasTib04,
  author = {Trevor Hastie and Robert Tibshirani and Jerome Friedman},
  title = {The Elements of Statistical Learning: Data Mining, Inference, and Prediction},
  year = {2001},
  publisher = {Springer Verlag}
}
@Book{Fukunaga90,
  author =	 {Keinoshuke Fukunaga},
  title =	 {Introduction to Statistical Pattern Analysis},
  publisher =	 {Academic Press},
  year =	 {1990}
}
@BOOK{Wang05,
    EDITOR = "Lipo Wang",
    TITLE = "Support Vector Machines: Teory and Applications",
    PUBLISHER = "Springer",
    YEAR = "2005",
    ADDRESS = "Berlin, Heidelberg"
}
@InCollection{Kecman05,
	author = {Vojislav Kecman},
	crossref = {Wang05},
	title  = {Support Vector Machines: An Introduction},
	pages = {1--47}
}
@Book{Vapnik98,
  author =	"Vladimir Vapnik",
  title =	"Statistical Learning Theory",
  publisher =	"Wiley",
  year = 	"1998"
}
@InCollection{Burges98,
  author =	"Christopher J. C. Burges",
  year = 	"1998",
  booktitle =	"Knowledge Discovery and Data Mining",
  pages =	"121--167",
  title =	"A Tutorial on Support Vector Machines for Pattern
		 Recognition",
	publisher = {Kluwer Academic}
}
@InProceedings{Joachims98,
  title =	"Text Categorization with Suport Vector Machines:
		 Learning with Many Relevant Features",
  author =	"Thorsten Joachims",
  bibdate =	"2002-02-20",
  bibsource =	"DBLP,
		 http://dblp.uni-trier.de/db/conf/ecml/ecml98.html#Joachims98",
  booktitle =	"Machine Learning: {ECML}-98, 10th European Conference
		 on Machine Learning, Chemnitz, Germany, April 21-23,
		 1998, Proceedings",
  publisher =	"Springer",
  year = 	"1998",
  volume =	"1398",
  editor =	"Claire Nedellec and C{\'e}line Rouveirol",
  ISBN = 	"3-540-64417-2",
  pages =	"137--142",
  series =	"Lecture Notes in Computer Science",
}
@Misc{Joachims03,
	author = "Thorsten Joachims",
	title = "Support Vector and Kernel Methods",
	year = "2003",
	type = "Tutorial at SIGIR'03",
	url = "http://www.cs.cornell.edu/courses/cs578/2003fa/slides_sigir03_tutorial-modified.v3.pdf",
}
@Article{DemLaiRub77,
  author       = {A. P. Dempster and N. M. Laird and D. B. Rubin},
  title	       = {Maximum likelihood from incomplete data via the {EM}
                    algorithm (with discussion)},
  journal      = "Journal of the Royal Statistical Society series B",
  volume       = 39,
  pages	       = {1--38},
  year	       = 1977
}
@BOOK{Grossberg82,
    AUTHOR = "S. Grossberg",
    TITLE = "Studies of Mind and Brain",
    PUBLISHER = "Kluwer Academic",
    YEAR = "1982",
    ADDRESS = "Boston, MA"
}
@BOOK{RabinerJuang93,
  AUTHOR = "Lawrence Rabiner and Biing-Hwang Juang",
  TITLE = "Fundamentals of Speech Recognition",
  PUBLISHER = "Prentice-Hall",
  YEAR = "1993"
}
@BOOK{BaldiBrunak98,
  AUTHOR = "Pierre Baldi and S{\o}ren Brunak",
  TITLE = "Bioinformatics: The Machine Learning Approach",
  PUBLISHER = "The MIT Press",
  YEAR = "1998"
}
@BOOK{Vapnik95,
  AUTHOR = "Vladimir N. Vapnik",
  TITLE = "The Nature of Statistical Learning Theory",
  PUBLISHER = "Springer-Verlag",
  YEAR = 1995
}
@Book{Stein99,
  editor =	  {Michael L. Stein},
  title = 	  {Interpolation of Spatial Data: Some theory for kriging},
  publisher = {Springer},
  year = 	     1999
}
@Book{Amari85,
  author =	 {Shun{-i}chi Amari},
  title = 	 {Differential Geometrical Methods in Statistics},
  publisher = 	 {Springer Verlag},
  year = 	 1985,
  series =	 {Lecture Notes in Statistics 28}
}

@Article{Amari98,
  author =	 {Shun{-i}chi Amari},
  title =	 {Natural Gradient Works Efficiently in Learning},
  journal =	 {Neural Computation},
  year =	 1998,
  volume =	 10,
  pages =	 {251--276}
}

@Misc{npm,
  title={Az npm hivatalos oldala},
  url={https://www.npmjs.com/}
}

@Misc{gulp,
  title={A gulp.js hivatalos oldala},
  url={https://gulpjs.com/},
}

@Misc{GitLabRegistry,
  title={GitLab Container Registry},
  url={https://about.gitlab.com/2016/05/23/gitlab-container-registry/}
}

@Misc{Docker,
  title={A Docker hivatalos oldala},
  url={https://www.docker.com/}
}

@Misc{DockerHub,
  title={A Docker Hub hivatalos oldala},
  url={https://hub.docker.com/}
}

@Misc{DockerIntro,
  title={What is Docker?},
  url={https://opensource.com/resources/what-docker}
}

@Misc{SPA,
  title={Single-page application vs.multiple-page application},
  url={https://medium.com/@NeotericEU/single-page-application-vs-multiple-page-application-2591588efe58},
  author={Paweł Skólski},
  year={2016}
}

@Misc{Bootstrap,
  title={A Bootstrap hivatalos oldala},
  url={https://getbootstrap.com/}
}

@Misc{Eclipse,
  title={Az Eclipse hivatalos oldala},
  url={https://www.eclipse.org/}
}

@Misc{jshint,
  title={jshint - Visual Studio Marketplace},
  url={https://marketplace.visualstudio.com/items?itemName=dbaeumer.jshint}
}

@Misc{VSFormatter,
  title={JS-CSS-HTML Formatter - Visual Studio Marketplace},
  url={https://marketplace.visualstudio.com/items?itemName=lonefy.vscode-JS-CSS-HTML-formatter}
}

@Misc{VSCode,
  title={A Visual Studio Code hivatalos oldala},
  url={https://code.visualstudio.com/}
}

@Misc{GradlePlugin,
  title={Buildship Gradle Integration - Eclipse Marketplace},
  url={https://marketplace.eclipse.org/content/buildship-gradle-integration}
}

@Misc{FindBugsEclipsePlugin,
  title={FindBugs Eclipse Plugin - Eclipse Marketplace},
  url={https://marketplace.eclipse.org/content/findbugs-eclipse-plugin}
}

@Misc{DockerCompose,
  title={A Docker Compose hivatalos oldala},
  url={https://docs.docker.com/compose/}
}

@Misc{GitFlow,
  title={A succesful Git branching model},
  url={http://nvie.com/posts/a-successful-git-branching-model/},
  author={Vincent Driessen},
  year={2010}
}

@Misc{CI,
  title={What is Continuous Integration | Agile Alliance},
  url={https://www.agilealliance.org/glossary/continuous-integration}
}

@Misc{CD,
  title={Continuous Deployment | Agile Alliance},
  url={https://www.agilealliance.org/glossary/continuous-deployment}
}

@Misc{Modularity,
  title={Modular Programming},
  url={https://www.techopedia.com/definition/25972/modular-programming}
}

@Misc{Syllabus,
  title={Csoportos Projekt tantárgy adatlapja},
  url={https://www.cs.ubbcluj.ro/files/curricula/2016/syllabus/IM_sem5_MLM5012_hu_csatol_2016_1984.pdf}
}

@Misc{AssemblerDTO,
  title={A Better Way to Project Domain Entities into DTOs},
  author={Nick Chamberlain},
  url={https://buildplease.com/pages/repositories-dto/}
}

@Misc{MultitierArchitecture,
  title={PresentationDomainDataLayering},
  author={Martin Fowler},
  year={2015},
  url={https://martinfowler.com/bliki/PresentationDomainDataLayering.html}
}

@Misc{POJO,
  title={Untangling Enterprise Java},
  author={Chris Richardson},
  year={2006},
  url={https://queue.acm.org/detail.cfm?id=1142045}
}

@Misc{Facade,
  title={Design Patterns- The Facade Pattern},
  author={Avinash Zala},
  year={2014},
  url={https://code.tutsplus.com/tutorials/design-patterns-the-facade-pattern--cms-22238}
}

@Misc{GDPR,
  title={Az EU GDPR hivatalos oldala},
  url={https://www.eugdpr.org/eugdpr.org.html}
}

@Misc{DAO,
  title={Core Java2EE Patterns - Data Access Object},
  url={http://www.oracle.com/technetwork/java/dataaccessobject-138824.html}
}

@Misc{EduCodespring,
  title={Codespring mentorprogram},
  url={https://edu.codespring.ro/}
}

@Misc{ITCluster,
  title={IT Plus Cluster},
  url={http://www.itpluscluster.ro/}
}

@Misc{Szekelydata,
  title={Hol vagytok székely(földi)ek? – a teljes diaszpóra!},
  author={Csala Dénes},
  year={2015},
  url={http://csaladenes.egologo.ro/?p=773}
}

@Misc{REST,
  title={Representational State Transfer},
  author={Roy Thomas},
  year={2000},
  url={https://www.ics.uci.edu/~fielding/pubs/dissertation/rest_arch_style.htm}
}
@Misc{Spring,
  title={Spring Framework Reference Documentation},
  url={https://docs.spring.io/spring-framework/docs/4.0.x/spring-framework-reference/html/overview.html}
}

@Misc{WebMVC,
  title={Web MVC framework},
  url={https://docs.spring.io/spring/docs/3.2.x/spring-framework-reference/html/mvc.html}
}
@Misc{SpringCore,
  title={Spring Core Technologies},
  url={https://docs.spring.io/spring/docs/current/spring-framework-reference/core.html#spring-core}
}
@Misc{IoCDI,
  title={Inversion of Control Containers and the Dependency Injection pattern},
  author={Martin Fowler},
  year={2004},
  url={https://martinfowler.com/articles/injection.html}
}

@Misc{SpringSocial,
  title={Spring Social Reference},
  url={https://docs.spring.io/spring-social/docs/2.0.0.M4/reference/htmlsingle/}
}
@Misc{SpringBoot,
  title={Spring Boot Reference Guide},
  url={https://docs.spring.io/spring-boot/docs/current-SNAPSHOT/reference/htmlsingle/}
}
@Misc{DataAccess,
  title={DAO support},
  url={https://docs.spring.io/spring/docs/4.2.x/spring-framework-reference/html/dao.html}
}
@Misc{DataJPA,
  title={Spring Data JPA},
  url={https://docs.spring.io/spring-data/jpa/docs/current/reference/html/}
}
@Misc{MailGun,
  title={A MailGun hivatalos oldala},
  url={https://documentation.mailgun.com/}
}

@Misc{JavaMail,
  title={JavaMail},
  author={Juergen Hoeller},
  year={2003},
  url={https://docs.spring.io/spring/docs/current/javadoc-api/org/springframework/mail/javamail/JavaMailSender.html}
}
@Misc{MailSender,
	author={Dmitriy Kopylenko and Juergen Hoeller},
  title={MailSender},
  year={2003},
  url={https://docs.spring.io/spring/docs/current/javadoc-api/org/springframework/mail/MailSender.html}
}
@Misc{Checkstyle,
  title={A Checkstyle hivatalos oldala},
  url={http://checkstyle.sourceforge.net/}
}
@Misc{FindBugs,
  title={A FindBugs hivatalos oldala},
  url={http://findbugs.sourceforge.net/}
}

@Misc{JSHint,
  title={A JSHint hivatalos oldala},
  url={http://jshint.com/docs/}
}

@Misc{Gradle,
  title={The Gradle build system},
  author={Lars Vogel and Simon Scholz},
  year={2014},
  url={http://www.vogella.com/tutorials/Gradle/article.html} 
}
@Misc{GradleDoc,
  title={A Gradle hivatalos oldala},
  url={https://gradle.org/docs/}
}
@Misc{SpringSec,
  title={Spring Security},
  url={https://docs.spring.io/spring-security/site/docs/5.0.0.RELEASE/reference/htmlsingle/}
}
@Misc{uirouter,
  title={Az Angular UI-Router hivatalos oldala},
  url={https://ui-router.github.io/about/}
}
@Misc{Scrum,
  title={The Scrum Guide},
  author={Ken Schwaber and Jeff Sutherland},
  year={2017},
  url={http://www.scrumguides.org/scrum-guide.html}
}

@Misc{AngularGoogleMap,
  title={Az Angular Google Maps hivatalos oldala},
  url={http://angular-ui.github.io/angular-google-maps/#!/}
}

@Misc{AngularTranslate,
  title={Az Angular Translate hivatalos oldala},
  author={PascalPrecht},
  url={https://angular-translate.github.io/docs/#/guide}
}

@Misc{KarmaJasmine,
  title={Karma and Jasmine},
  author={Adam Morgan},
  year={2016},
  url={https://scotch.io/tutorials/testing-angularjs-with-jasmine-and-karma-part-1}
}
@Misc{Jasmine,
  title={Jasmine and Karma},
  author={Asim},
  year={2017},
  url={https://codecraft.tv/courses/angular/unit-testing/jasmine-and-karma/}
}
@Misc{Selenium,
  title={A Selenium hivatalos oldala},
  url={https://www.seleniumhq.org/}
}
@Misc{SpringWebModule,
  title={Spring Web, Spring Web Modules, Spring Web Example},
  url={https://www.roseindia.net/tutorial/spring/spring3/web/index.html}
}

@Misc{UI-Router,
  title={UI-Router},
  author={Craig McKeachie},
  year={2014},
  url={http://www.funnyant.com/angularjs-ui-router/}
}
@Misc{ Convention,
  title={Convention over configuration},
  url={https://docs.spring.io/spring/docs/3.0.0.M3/reference/html/ch16s10.html}
}

@article{AngularJS,  
  author = {Jain, N and Mangal, P and Mehta, D},
	year = {2015},
	month = {01},
	pages = {17-23},
	title = {AngularJS: A modern MVC framework in JavaScript},
	volume = {5},
	booktitle = {J. Global Research in Computer Science}
}

@Book{DTO,
  title={Patterns of Enterprise Application Architecture},
  author={M. Fowler},
  year={2002},
  publisher={Addison Wesley}
}

@Book{Angular,
  title={AngularJS},
  author={Brad Green and Shyam Seshadri},
  year={2013},
  publisher={O'Reilly Media}
}

@Book{AngularControllers,
  title={Learning AngularJS},
  author={Ken Williamson},
  year={2015},
  publisher={O'Reilly Media}
}

